<?xml version="1.0" encoding="UTF-8"?>
<collection xmlns:xsi="http://www.w3.org/2001/XMLSchema-instance" xsi:schemaLocation="http://www.loc.gov/MARC21/slim http://www.loc.gov/standards/marcxml/schema/MARC21slim.xsd" xmlns="http://www.loc.gov/MARC21/slim">
<record>
  <leader>00888cam a22002411  4500</leader>
  <controlfield tag="001">3082681</controlfield>
  <controlfield tag="003">NNC</controlfield>
  <controlfield tag="005">20130426020111.0</controlfield>
  <controlfield tag="008">010911s1902    ua            000 0 ara d</controlfield>
  <datafield tag="035" ind1=" " ind2=" ">
    <subfield code="a">(OCoLC)ocm47942110</subfield>
  </datafield>
  <datafield tag="035" ind1=" " ind2=" ">
    <subfield code="9">ATQ9213CU</subfield>
  </datafield>
  <datafield tag="035" ind1=" " ind2=" ">
    <subfield code="a">(NNC)3082681</subfield>
  </datafield>
  <datafield tag="040" ind1=" " ind2=" ">
    <subfield code="a">ZCU</subfield>
    <subfield code="c">ZCU</subfield>
  </datafield>
  <datafield tag="099" ind1=" " ind2=" ">
    <subfield code="a">893.795</subfield>
    <subfield code="a">Ib573</subfield>
  </datafield>
  <datafield tag="100" ind1="1" ind2=" ">
    <subfield code="a">Ibn ʻAbd al-Barr, Yūsuf ibn ʻAbd Allāh,</subfield>
    <subfield code="d">978 or 979-1071.</subfield>
  </datafield>
  <datafield tag="240" ind1="1" ind2="0">
    <subfield code="a">Kitāb Jāmiʻ bayān al-ʻilm wa-faḍlihi wa-mā yanbaghī fī riwāyatihi wa-ḥamlih</subfield>
  </datafield>
  <datafield tag="245" ind1="1" ind2="0">
    <subfield code="a">Mukhtaṣar Jāmiʻ bayān al-ʻilm wa-faḍlihī wa-mā yanbaghī fī riwāyatihī wa-ḥamlih.</subfield>
    <subfield code="c">Ikhtiṣār Aḥmad ibn ʻUmar al-Maḥmaṣānī.</subfield>
  </datafield>
  <datafield tag="260" ind1=" " ind2=" ">
    <subfield code="a">Miṣr,</subfield>
    <subfield code="b">Maṭb. al-Mausūʻāt,</subfield>
    <subfield code="c">1320 [1902]</subfield>
  </datafield>
  <datafield tag="300" ind1=" " ind2=" ">
    <subfield code="a">232 p.</subfield>
  </datafield>
  <datafield tag="650" ind1=" " ind2="0">
    <subfield code="a">Islam</subfield>
    <subfield code="x">Tradition.</subfield>
  </datafield>
  <datafield tag="650" ind1=" " ind2="0">
    <subfield code="a">Islamic law.</subfield>
  </datafield>
  <datafield tag="700" ind1="1" ind2=" ">
    <subfield code="a">Maḥmaṣānī, Aḥmad ʻUmar.</subfield>
  </datafield>
  <datafield tag="955" ind1=" " ind2=" ">
    <subfield code="b">CU10360395</subfield>
    <subfield code="d">off,glx</subfield>
    <subfield code="e">893.795 Ib573</subfield>
  </datafield>
</record>
</collection>